@book{west2014linear,
  title={Linear Mixed Models: A Practical Guide Using Statistical Software, Second Edition},
  author={West, B.T. and Welch, K.B. and Galecki, A.T.},
  isbn={9781466560994},
  lccn={2014010347},
  url={https://books.google.co.cr/books?id=hjT6AwAAQBAJ},
  year={2014},
  publisher={Taylor \& Francis}
}

@misc{lm1032,
title={How Economics, Child Care Policy, and Job Markets Affect Parenting Styles},
author={Coleman, P.},
year={2019},
month={4},
url={https://www.fatherly.com/love-money/economics-child-care-policy-and-parenting-style/}
}